@article{zubov2019chrysina,
  author = {A.S. Zubov and N.V. Ivshin and A. Yu. Titarenko and B.V. Andrianov},
  title = {Description of a new species of Chrysina Kirby, 1828 (Coleoptera: Scarabaeidae: Rutelinae) from resplendens group, based on morphological characters and mtDNA COX I molecular marker},
  journal = {Acta Biologica Sibirica},
  year = {2019},
  volume = {5},
  number = {1},
  pages = {71--76},
  issn = {2412-1908},
  doi = {10.14258/abs.v5.i1.5194}
}









%
% Below is a list of possible bibliography entries along with their required and optional fields
%    Taken from the wikipedia entry for BibTeX at http://en.wikipedia.wiki/BibTeX 19-Nov-2007
%
%
%

%article
%    An article from a journal or magazine.
%    Required fields: author, title, journal, year
%    Optional fields: volume, number, pages, month, note, key
%book
%    A book with an explicit publisher.
%    Required fields: author/editor, title, publisher, year
%    Optional fields: volume, series, address, edition, month, note, key
%booklet
%    A work that is printed and bound, but without a named publisher or sponsoring institution.
%    Required fields: title
%    Optional fields: author, howpublished, address, month, year, note, key
%conference
%    The same as inproceedings, included for Scribe (markup language) compatibility.
%    Required fields: author, title, booktitle, year
%    Optional fields: editor, pages, organization, publisher, address, month, note, key
%inbook
%    A part of a book, which may be a chapter (or section or whatever) and/or a range of pages.
%    Required fields: author/editor, title, chapter/pages, publisher, year
%    Optional fields: volume, series, address, edition, month, note, key
%incollection
%    A part of a book having its own title.
%   Required fields: author, title, booktitle, year
%    Optional fields: editor, pages, organization, publisher, address, month, note, key
%inproceedings
%    An article in a conference proceedings.
%    Required fields: author, title, booktitle, year
%    Optional fields: editor, pages, organization, publisher, address, month, note, key
%manual
%    Technical documentation.
%    Required fields: title
%    Optional fields: author, organization, address, edition, month, year, note, key
%mastersthesis
%    A Master's thesis.
%    Required fields: author, title, school, year
%    Optional fields: address, month, note, key
%misc
%    For use when nothing else fits.
%    Required fields: none
%    Optional fields: author, title, howpublished, month, year, note, key
%phdthesis
%    A Ph.D. thesis.
%    Required fields: author, title, school, year
%    Optional fields: address, month, note, key
%proceedings
%    The proceedings of a conference.
%    Required fields: title, year
%    Optional fields: editor, publisher, organization, address, month, note, key
%techreport
%    A report published by a school or other institution, usually numbered within a series.
%    Required fields: author, title, institution, year
%    Optional fields: type, number, address, month, note, key
%unpublished
%   A document having an author and title, but not formally published.
%    Required fields: author, title, note
%    Optional fields: month, year, key
